@article{Madan.1998,
    author = {{D}ilip {B}. {M}adan and {P}eter {C}arr and {E}ric {C}. {C}hang},
    title = {{T}he variance gamma process and option pricing},
    journal = {{E}uropean {F}inance {R}eview},
    year = {1998},
    volume = {2},
    pages = {79--105}
}
@article{Agarwal.2000,
 author = {{A}garwal, {V}ikas and {N}aik, {N}arayan {Y}..},
 year = {2000},
 title = {{M}ulti--period performance persistence analysis of hedge funds},
 pages = {327--342},
 volume = {35},
 number = {3},
 journal = {{J}ournal of financial and quantitative analysis}
}

@article{Aas.2005,
  author =	 {{A}as, {K}jersti and {H}ob{\ae}k {H}aff, {I}ngrid},
  year =	 2005,
  title =	 {{N}{I}{G} and {S}kew {S}tudent's t: {T}wo special
                  cases of the {G}eneralised {H}yperbolic
                  distribution},
  pages =	 {275--309},
  volume =	 4,
  number =	 2,
  journal =	 {{J}ournal of financial econometrics}
}

@article{Aas.2006,
  author =	 {{A}as, {K}jersti and {H}ob{\ae}k {H}aff, {I}ngrid},
  year =	 2006,
  title =	 {{T}he {G}eneralised {H}yperbolic {S}kew {S}tudent's
                  t--distribution},
  pages =	 {275--309},
  volume =	 4,
  number =	 2,
  journal =	 {{J}ournal of financial econometrics}
}

@book{Abramowitz1972,
  author =	 {Abramowitz, Milton and Stegun, Irene A.},
  year =	 1972,
  title =	 {Handbook of mathematical functions},
  keywords =	 {Formelsammlung;Funktion <Mathematik>},
  address =	 {New York, NY},
  edition =	 {9. Dover printing},
  publisher =	 {Dover},
  isbn =	 0486612724,
  series =	 {Dover books on mathematics}
}

@article{Artzner.1999,
  author =	 {{A}rtzner, {P}hilippe and {D}elbaen, {F}reddy and
                  {E}ber, {J}ean--{M}arc and {H}eath, {D}avid},
  year =	 1999,
  title =	 {{C}oherent measures of risk},
  pages =	 {203--228},
  volume =	 9,
  number =	 3,
  journal =	 {{M}athematical finance}
}

@Article{Atkinson82,
  author =	 {A. C. Atkinson},
  title =	 {The simulation of generalized inverse Gaussian and
                  hyperbolic random variables.},
  journal =	 {SIAM Journal on Scientific Computing 3},
  year =	 1982,
  pages =	 {502--515}
}

@article{Bali.2004,
  author =	 {{B}ali, {T}uran {G}. and {G}okcan, {S}uleyman},
  year =	 2004,
  title =	 {Alternative approaches to estimating {V}a{R} for
                  hedge fund portfolios},
  pages =	 {253-277},
  journal =	 {Intelligent hedge fund investing}
}
@article{Agarwal.2004,
  author =	 {{A}garwal, {V}ikas and {N}aik, {N}arayan {Y}.},
  title =	 {{Risks and Portfolio Decisions Involving Hedge
                  Funds}},
  journal =	 {Review of Financial Studies},
  volume =	 {17},
  number =	 {1},
  pages =	 {63-98},
  year =	 {2004}
}
@article{Bali.2007,
  author =	 {{B}ali, {T}uran {G}. and {G}okcan, {S}uleyman and
                  {L}iang, {B}ing},
  year =	 2007,
  title =	 {Value at risk and the cross--section of hedge fund
                  returns},
  keywords =	 {Value at Risk / Kapitalertrag / Hedgefonds / USA},
  pages =	 {1135--1166},
  volume =	 31,
  number =	 4,
  journal =	 {Journal of banking {\&} finance}
}
@article{BarndorffNielsen.1978,
  author =	 {{B}arndorff--{N}ielsen, {O}.},
  year =	 {1978},
  title =	 {{H}yperbolic distributions and distributions on
                  hyperbolae},
  pages =	 {151--157},
  volume =	 {5},
  number =	 {3},
  journal =	 {{S}candinavian journal of statistics}
}
@article{Barndorffnielsen77,
  title =	 {Exponentially Decreasing Distributions for the
                  Logarithm of Particle Size},
  author =	 {{B}arndorff--{N}ielsen, {O}.},
  journal =	 {Proceedings of the Royal Society of London. Series
                  A, Mathematical and Physical Sciences},
  volume =	 {353},
  number =	 {1674},
  pages =	 {401--419},
  abstract =	 {The family of continuous type distributions such
                  that the logarithm of the probability (density)
                  function is a hyperbola (or, in several dimensions,
                  a hyperboloid) is introduced and investigated. It
                  is, among other things, shown that a distribution of
                  this kind is a mixture of normal distributions. As
                  to applications, the paper focuses on the mass-size
                  distribution of aeolian sand deposits, with
                  particular reference to the findings of
                  R. A. Bagnold. The distribution family seems,
                  however, to be of some potential usefulness in other
                  concrete contexts too.},
  publisher =	 {The Royal Society},
  copyright =	 {Copyright © 1977 The Royal Society},
  year =	 {1977}
}

@Article{Barndorffnielsen97,
  author =	 {O. E. Barndorff--Nielsen},
  title =	 {Normal inverse {G}aussian distributions and
                  stochastic volatility modelling.},
  journal =	 {Scandinavian Journal of Statistics},
  volume =	 {24},
  number =	 {1},
  year =	 {1997},
  pages =	 {1--13}
}

@Article{Barndorffnielsen98,
  author =	 {O. E. Barndorff--Nielsen},
  title =	 {Processes of normal inverse Gaussian type.},
  pages =	 {41--68},
  journal =	 {Finance and Stochastics},
  year =	 1997,
  volume =	 {2},
  number =	 {1}
}

@Article{BarndorffnielsenBlaesild81,
  author =	 {O. E. Barndorff--Nielsen and P. Bl\ae sild},
  title =	 {Hyperbolic distributions and ramifications:
                  Contributions to theory and application.},
  journal =	 {Statistical Distributions in Scientific Work},
  year =	 1981,
  pages =	 {19--44},
  volume =	 {4}
}

@Article{BarndorffnielsenBlaesild83,
  author =	 {O. E. Barndorff--Nielsen and P. Bl\ae sild},
  title =	 {Hyperbolic distributions.},
  journal =	 {Encyclopedia of Statistics},
  year =	 1983,
  pages =	 {19--44},
  volume =	 3
}

@Article{BibbySorensen97,
  author =	 {B. M. Bibby and M. S\o rensen},
  title =	 {A hyperbolic diffusion model for stock prices.},
  journal =	 {Finance \& Stochastics 2},
  year =	 1997,
  pages =	 {25--41}
}

@book{Bjork2005,
  author =	 {Bj{\"o}rk, Tomas},
  abstract =	 {Literaturverz. S. [453] -- 460},
  year =	 2005,
  title =	 {Arbitrage theory in continuous time},
  keywords =	 {Arbitrage--Pricing--Theorie;Derivat
                  <Wertpapier>;Arbitrage;Mathematical
                  models;Derivative securities},
  address =	 {Oxford},
  edition =	 {2. ed., reprint.},
  publisher =	 {Oxford Univ. Press},
  isbn =	 0199271267
}

@Article{Blaesild81,
  author =	 {P. Bl\ae sild},
  title =	 {The two-dimensional hyperbolic distribution and
                  related distributions, with an application to
                  {J}ohannsen's bean data.},
  journal =	 {Biometrika},
  year =	 1981,
  pages =	 {251--263},
  volume =	 68,
  numer =	 1
}

@book{Brigo2007,
  author =	 {Brigo, Damiano and Mercurio, Fabio},
  year =	 2007,
  title =	 {Interest rate models -- theory and practice: With
                  smile, inflation and credit},
  keywords =	 {Zinsstrukturtheorie;Stochastisches Modell;Interest
                  rates;Mathematical models;Derivative
                  securities;Prices},
  address =	 {Berlin},
  edition =	 {2. ed., corr. 3. print.},
  publisher =	 {Springer},
  isbn =	 9783540221494,
  series =	 {Springer Finance}
}

@book{Chen.2005,
  author =	 {{C}hen, {Y}ing and {H}{\"a}rdle, {W}olfgang and
                  {J}eong, {S}eok--{O}h},
  year =	 2005,
  title =	 {{N}onparametric {R}isk {M}anagement with
                  {G}eneralized {H}yperbolic {D}istributions},
  address =	 {{B}erlin},
  volume =	 1063,
  publisher =	 {{W}{I}{A}{S}},
  series =	 {{P}reprint / {W}eierstra{\ss}--{I}nstitut f{\"u}r
                  {A}ngewandte {A}nalysis und {S}tochastik}
}

@book{Cherubini.2004,
  author =	 {Cherubini, Umberto and Luciano, Elisa and Vecchiato,
                  Walter},
  year =	 2004,
  title =	 {Copula methods in finance},
  keywords =	 {Finance;Mathematical models.},
  address =	 {Hoboken NJ},
  publisher =	 {John Wiley {\&} Sons},
  isbn =	 0470863447
}

@article{Dempster.1977,
  author =	 {{D}empster, {A}. {P}. and {L}aird, {N}. {M}. and
                  {R}ubin, {D}. {B}.},
  year =	 1977,
  title =	 {{M}aximum likelihood from incomplete data via the
                  {E}{m} algorithm},
  pages =	 {1--38},
  volume =	 39,
  number =	 1,
  journal =	 {{J}ournal of the {R}oyal {S}tatistical {S}ociety}
}

@book{EVTembrechts,
  author =	 {Embrechts, Paul and Kl{\"u}ppelberg, Claudia and
                  Mikosch, Thomas},
  year =	 2003,
  title =	 {Modelling extremal events: For insurance and
                  finance},
  keywords =
                  {Versicherungsmathematik;Extremwertstatistik;Finanzmathematik;Business
                  mathematics;Insurance;Mathematics;Ereignismodell},
  address =	 {Berlin},
  edition =	 {Corr. 4. print.},
  volume =	 33,
  publisher =	 {Springer},
  isbn =	 3540609318,
  series =	 {Applications of mathematics}
}

@Article{EberleinKeller95,
  author =	 {E. Eberlein and U. Keller},
  title =	 {Hyperbolic distributions in finance.},
  journal =	 {Bernoulli 1},
  year =	 1995,
  pages =	 {281--299}
}

@Article{EberleinKellerPrause98,
  author =	 {E. Eberlein, U. Keller and K. Prause},
  title =	 {New insights into smile, mispricing and value at
                  risk measures.},
  journal =	 {Journal of Business 71},
  year =	 1998,
  pages =	 {371--405}
}

@article{Fama.1992,
  author =	 {Fama, Eugene F. and French, Kenneth Ronald},
  year =	 1992,
  title =	 {The cross--section of expected stock returns},
  pages =	 {427--465},
  volume =	 47,
  number =	 2,
  journal =	 {The journal of finance}
}

@article{Fuss.2007,
  author =	 {{F}uss, {R}oland and {K}aiser, {D}ieter {G}. and
                  {A}dams, {Z}eno},
  year =	 2007,
  title =	 {Value at risk, GARCH modelling and the forecasting
                  of hedge fund return volatility},
  pages =	 {2--25},
  volume =	 13,
  number =	 1,
  journal =	 {Journal of Derivatives {\&} Hedge Funds}
}

@article{Geman.2004,
  author =	 {{G}eman, {H}{\'e}lyette and {K}haroubi,
                  {C}{\'e}cile},
  year =	 2004,
  title =	 {{H}edge {F}unds: {A} {C}opula {A}pproach for {R}isk
                  {M}anagement},
  pages =	 {303--320},
  journal =	 {{R}isk measures for the 21st century}
}

@article{Gibson.2007,
  author =	 {{G}ibson, {R}. and {G}yger, {S}.},
  year =	 2007,
  title =	 {The style consistency of hedge funds},
  keywords =	 {Hedgefonds},
  pages =	 {287--308},
  volume =	 13,
  number =	 2,
  journal =	 {European financial management}
}

@article{Gupta.2005,
  author =	 {{G}upta, {A}nurag and {L}iang, {B}ing},
  year =	 2005,
  title =	 {Do hedge funds have enough capital?: A value-at-risk
                  approach},
  pages =	 {219-253},
  volume =	 77,
  number =	 1,
  journal =	 {Journal of financial economics}
}

@article{Karlis.2002,
  author =	 {{K}arlis, {D}.},
  year =	 2002,
  title =	 {{A}n {E}{M} type algorithm for maximum likelihood
                  estimation of the normal--inverse {G}aussian
                  distribution},
  pages =	 {43--52},
  volume =	 {57},
  number =	 {1},
  journal =	 {{S}tatistics {\&} probability letters}
}

@article{Kassberger.2006,
  author =	 {{K}assberger, {S}tefan and {K}iesel, {R}{\"u}diger},
  year =	 2006,
  title =	 {A fully parametric approach to return modelling and
                  risk management of hedge funds},
  keywords =	 {Hedgefonds / Risikomanagement},
  pages =	 {472--491},
  volume =	 20,
  number =	 4,
  journal =	 {Financial markets and portfolio management}
}

@book{Lhabitant.2004,
  author =	 {{L}habitant, {F}rancois--{S}erge},
  abstract =	 {{L}ehmanns {F}achbuchhandlung: {F}rancois--{S}erge
                  {L}habitant, {P}h{D}, has substantial experience in
                  risk management and alternative investments, as both
                  a practitioner and academic. {F}ormerly, he was a
                  {D}irector at {U}{B}{S}/{G}lobal {A}sset
                  {M}anagement and a {M}ember of {S}enior {M}anagement
                  at {U}nion {B}ancaire {P}rivee, in charge of the
                  quantitative analysis and the management of
                  dedicated hedge fund portfolios. {H}e is currently a
                  professor of {F}inance at the {E}{D}{H}{E}{C}
                  {B}usiness {S}chool ({F}rance) and at the
                  {U}niversity of {L}ausanne ({S}witzerland), and a
                  senior advisor to {K}edge {C}apital {P}artners.},
  year =	 2004,
  title =	 {{H}edge {F}unds: {Q}uantitative {I}nsights},
  publisher =	 {{W}iley, {J}},
  isbn =	 {047085667{X}}
}

@article{Liang.2007,
  author =	 {{L}iang, {B}ing and {P}ark, {H}yuna},
  year =	 2007,
  title =	 {Risk measures for hedge funds: A cross--sectional
                  approach},
  keywords =	 {Hedgefonds / Kapitalanlage / Risiko},
  pages =	 {333--370},
  volume =	 13,
  number =	 2,
  journal =	 {European financial management}
}

@article{Liu.1994,
  author =	 {{L}iu, {C}.},
  year =	 1994,
  title =	 {{T}he {E}{C}{M}{E} algorithm {A} simple extension of
                  {E}{M} and {E}{C}{M} with faster monotone
                  convergence},
  pages =	 {633--48},
  number =	 {4},
  volume =	 {81},
  journal =	 {{B}iometrika : a journal for the statistical study
                  of biological problems}
}

@article{Liu.1997,
  author =	 {{L}iu, {C}.},
  year =	 1997,
  title =	 {{M}{L} {E}stimation of the {M}ultivariate t
                  {D}istribution and the {E}{M} {A}lgorithm},
  pages =	 {{V}ol. 63, {N}o. 2 (1997),296--312},
  journal =	 {{J}ournal of multivariate analysis : {J}{M}{V}{A}}
}

@article{Mencia.2004,
  author =	 {{M}enc{\'\i}a, {F}. {J}avier and {S}entana,
                  {E}nrique},
  year =	 2004,
  title =	 {{E}stimating and testing of dynamic models with
                  generalised {H}yperbolic innovations},
  address =	 {{M}adrid,},
  volume =	 0411,
  series =	 {{C}{E}{M}{F}{I} working paper}
}

@article{Meng.1993,
  author =	 {{M}eng, {X}.--{L}. and {R}ubin, {D}.--{B}},
  year =	 1993,
  title =	 {{M}aximum likelihood estimation via the {E}{C}{M}
                  algorithm: {A} general framework},
  pages =	 {{V}ol. 80, {N}o. 2 (1993),267},
  journal =	 {{B}iometrika : a journal for the statistical study
                  of biological problems}
}

@book{Musiela2007,
  author =	 {Musiela, Marek and Rutkowski, Marek},
  year =	 2007,
  title =	 {Martingale methods in financial modelling},
  keywords =	 {Options (Finance);Mathematical models.;Derivative
                  securities;Interest rates;Fixed--income
                  securities;Finance},
  address =	 {Berlin, New York},
  edition =	 {2nd ed.},
  publisher =	 {Springer},
  isbn =	 3540209662,
  series =	 {Stochastic modelling and applied probability}
}

@book{Nelsen.2006,
  author =	 {Nelsen, Roger B.},
  year =	 2006,
  title =	 {An introduction to copulas},
  keywords =	 {Copulas (Mathematical statistics)},
  address =	 {New York},
  edition =	 {2nd ed.},
  publisher =	 {Springer},
  isbn =	 0387286594,
  series =	 {Springer series in statistics}
}

@book{Paolella2007,
  author =	 {Paolella, Marc},
  year =	 2007,
  title =	 {Intermediate probability: A computational approach},
  keywords =	 {Distribution (Probability theory);Mathematical
                  models;Probabilities;WAHRSCHEINLICHKEITSVERTEILUNGEN
                  + WAHRSCHEINLICHKEITSDICHTEN
                  (WAHRSCHEINLICHKEITSRECHNUNG);ASYMPTOTISCHE
                  STATISTIK (MATHEMATISCHE STATISTIK);LEHRB{\"U}CHER
                  (DOKUMENTENTYP)},
  address =	 {Chichester},
  publisher =	 {Wiley},
  isbn =	 {978--0--470--02637--3}
}

@phdthesis{Prause1999,
  author =	 {Prause, Karsten},
  year =	 1999,
  title =	 {The Generalized Hyperbolic Model: Estimation
                  Financial Derivatives and Risk Measures},
  address =	 {Freiburg i. Br.},
  school =	 {Universit{\"a}t Freiburg i. Br.}
}

@Article{PuigStehpens01,
  author =	 {P. Puig, M. A. Stephens},
  title =	 {Goodness-of-Fit Tests for the Hyperbolic
                  Distribution.},
  journal =	 {The Canadian Journal of Statistics},
  year =	 2001,
  pages =	 {309--320}
}

@misc{QRMlib,
  author =	 {{M}c{N}eil, {A}lexander {J}.},
  year =	 2005,
  title =	 {Free {S}-{P}lus and {R} library designed to
                  accompany the book Quantitative Risk Management:
                  Concepts, Techniques and Tools},
  howpublished =
                  {http://cran.r-project.org/web/packages/QRMlib/index.html}
}

@book{QRMmcneil05,
  author =	 {McNeil, Alexander J. and Frey, R{\"u}diger and
                  Embrechts, Paul},
  year =	 2005,
  title =	 {Quantitative risk management: Concepts, techniques
                  and tools},
  address =	 {Princeton},
  publisher =	 {Princeton University Press},
  isbn =	 {978--0--691--12255--7}
}

@phdthesis{Raible2000,
  author =	 {Raible, Sebastian},
  year =	 2000,
  title =	 {L{\'e}vy processes in finance: Theory, numerics, and
                  empirical facts},
  url =
                  {\url{http://deposit.ddb.de/cgi-bin/dokserv?idn=961285192}},
  keywords =
                  {Kreditmarkt;Preisbildung;L{\'e}vy--Prozess;Hochschulschrift},
  edition =	 {[Elektronische Ressource]},
  school =	 {Universit{\"a}t Freiburg i. Br.}
}

@Article{Rydberg99,
  author =	 {T. H. Rydberg},
  title =	 {Generalized hyperbolic diffusion with applications
                  towards finance.},
  journal =	 {Mathematical Finance 9},
  year =	 1999,
  pages =	 {183--201}
}
